@ARTICLE{einstein,
    AUTHOR = "Albert Einstein",
    TITLE = "{Zur Elektrodynamik bewegter K{\"o}rper}. ({German})
    [{On} the electrodynamics of moving bodies]",
    JOURNAL = "Annalen der Physik",
    VOLUME = "322",
    NUMBER = "10",
    PAGES = "891--921",
    YEAR = "1905",
    DOI = "http://dx.doi.org/10.1002/andp.19053221004",
}
 
@BOOK{dirac,
    TITLE = {The Principles of Quantum Mechanics},
    AUTHOR = {Paul Adrien Maurice Dirac},
    ISBN = {9780198520115},
    SERIES = {International series of monographs on physics},
    YEAR = {1981},
    PUBLISHER = {Clarendon Press},
}
 
@online{knuthwebsite,
    AUTHOR = "Donald Knuth",
    TITLE = "Knuth: Computers and Typesetting",
    URL  = "http://www-cs-faculty.stanford.edu/~uno/abcde.html",
    ADDENDUM = "(accessed: 01.09.2016)",
    YEAR = "1981",
    KEYWORDS = "latex,knuth"
}
 
@inbook{knuth-fa,
    author = "Donald E. Knuth",
    title = "Fundamental Algorithms",
    publisher = "Addison-Wesley",
    year = "1973",
    chapter = "1.2",
    keywords  = "knuth,programming"
}